<record><leader>00000cas a2200000 a 4500</leader><controlfield tag="001">36207049</controlfield><controlfield tag="008">970114d18851887azudr ne      0   a0eng  </controlfield><datafield ind1=" " ind2=" " tag="010"><subfield code="a">sn 96060682 </subfield></datafield><datafield ind1=" " ind2=" " tag="040"><subfield code="a">ANN</subfield><subfield code="b">eng</subfield><subfield code="c">ANN</subfield><subfield code="d">OCL</subfield><subfield code="d">DLC</subfield><subfield code="d">OCLCQ</subfield><subfield code="d">OCLCF</subfield><subfield code="d">CUS</subfield></datafield><datafield ind1=" " ind2=" " tag="012"><subfield code="l">a</subfield></datafield><datafield ind1="1" ind2=" " tag="022"><subfield code="a">2157-8028</subfield><subfield code="2">1</subfield></datafield><datafield ind1=" " ind2=" " tag="042"><subfield code="a">pcc</subfield><subfield code="a">nsdp</subfield></datafield><datafield ind1=" " ind2=" " tag="043"><subfield code="a">n-us-az</subfield></datafield><datafield ind1="0" ind2="0" tag="050"><subfield code="a">Newspaper</subfield></datafield><datafield ind1="1" ind2="4" tag="050"><subfield code="a">AN</subfield></datafield><datafield ind1=" " ind2="0" tag="222"><subfield code="a">Daily Tombstone epitaph</subfield></datafield><datafield ind1="0" ind2="0" tag="245"><subfield code="a">Daily Tombstone epitaph.</subfield></datafield><datafield ind1="1" ind2="3" tag="246"><subfield code="a">Daily Tombstone epitaph and Cochise County record</subfield></datafield><datafield ind1="1" ind2="7" tag="246"><subfield code="a">Daily epitaph</subfield></datafield><datafield ind1=" " ind2=" " tag="260"><subfield code="a">Tombstone, Ariz. :</subfield><subfield code="b">Record Epitaph Pub. Co.,</subfield><subfield code="c">-1887.</subfield></datafield><datafield ind1=" " ind2=" " tag="300"><subfield code="a">v.</subfield></datafield><datafield ind1=" " ind2=" " tag="310"><subfield code="a">Daily</subfield></datafield><datafield ind1="1" ind2=" " tag="362"><subfield code="a">Began 1885.</subfield></datafield><datafield ind1="0" ind2=" " tag="362"><subfield code="a">-v. 8, no. 139 (May 7, 1887).</subfield></datafield><datafield ind1=" " ind2=" " tag="530"><subfield code="a">Archived issues are available in digital format as part of the Library of Congress Chronicling America online collection.</subfield></datafield><datafield ind1=" " ind2=" " tag="588"><subfield code="a">Description based on: Vol. 7, no. 113 (Dec. 22, 1885).</subfield></datafield><datafield ind1=" " ind2="0" tag="651"><subfield code="a">Tombstone (Ariz.)</subfield><subfield code="v">Newspapers.</subfield></datafield><datafield ind1=" " ind2="0" tag="651"><subfield code="a">Cochise County (Ariz.)</subfield><subfield code="v">Newspapers.</subfield></datafield><datafield ind1=" " ind2="7" tag="651"><subfield code="a">Arizona</subfield><subfield code="z">Cochise County.</subfield><subfield code="2">fast</subfield><subfield code="0">(OCoLC)fst01207405</subfield></datafield><datafield ind1=" " ind2="7" tag="651"><subfield code="a">Arizona</subfield><subfield code="z">Tombstone.</subfield><subfield code="2">fast</subfield><subfield code="0">(OCoLC)fst01212318</subfield></datafield><datafield ind1=" " ind2="7" tag="655"><subfield code="a">Newspapers.</subfield><subfield code="2">fast</subfield><subfield code="0">(OCoLC)fst01423814</subfield></datafield><datafield ind1=" " ind2=" " tag="752"><subfield code="a">United States</subfield><subfield code="b">Arizona</subfield><subfield code="c">Cochise</subfield><subfield code="d">Tombstone.</subfield></datafield><datafield ind1="0" ind2=" " tag="775"><subfield code="t">Tombstone weekly epitaph</subfield><subfield code="x">2158-4826</subfield><subfield code="w">(DLC)sn 95060906</subfield><subfield code="w">(OCoLC)33882877</subfield></datafield><datafield ind1="0" ind2="0" tag="780"><subfield code="t">Daily record-epitaph</subfield><subfield code="w">(DLC)sn 95060907</subfield><subfield code="w">(OCoLC)33861622</subfield></datafield><datafield ind1="0" ind2="4" tag="780"><subfield code="t">Daily Tombstone</subfield><subfield code="x">2157-670X</subfield><subfield code="w">(DLC)sn 94052361</subfield><subfield code="w">(OCoLC)30559459</subfield></datafield><datafield ind1="0" ind2="0" tag="785"><subfield code="t">Tombstone daily epitaph (Tombstone, Ariz. : 1887)</subfield><subfield code="x">2157-801X</subfield><subfield code="w">(DLC)sn 96060681</subfield><subfield code="w">(OCoLC)36207053</subfield></datafield><datafield ind1="4" ind2="1" tag="856"><subfield code="u">http://www.loc.gov/chroniclingamerica/lccn/sn96060682/issues</subfield></datafield><datafield ind1="4" ind2="1" tag="856"><subfield code="3">01/04/1886 to 06/26/1886</subfield><subfield code="u">http://infoweb.newsbank.com/?db=EANX&amp;s_browseRef=decades/10FD1D5A433D44F8/all.xml</subfield></datafield><datafield ind1="1" ind2=" " tag="029"><subfield code="a">AU@</subfield><subfield code="b">000013023100</subfield></datafield></record>